<?xml version="1.0" encoding="UTF-8"?><collection xmlns="http://www.loc.gov/MARC21/slim"><record><leader>00494nam--2200169-i-4500</leader><controlfield tag="001">000020224</controlfield><controlfield tag="002">20161230</controlfield><controlfield tag="005">20161230201033</controlfield><controlfield tag="008">060222s1000------------r-----000-0-eng-d</controlfield><datafield ind1=" " ind2=" " tag="040"><subfield code="a">IFIN-HH</subfield></datafield><datafield ind1=" " ind2=" " tag="080"><subfield code="a">535.338.42</subfield></datafield><datafield ind1="1" ind2=" " tag="100"><subfield code="a">Fabelinskii, Immanuil L</subfield></datafield><datafield ind1="1" ind2="0" tag="245"><subfield code="a">Molecular scattering of light</subfield><subfield code="b">Translated from russian by: robert t. beyer</subfield><subfield code="c">Immanuil l. fabelinskii</subfield></datafield><datafield ind1=" " ind2=" " tag="260"><subfield code="a">New York</subfield><subfield code="b">Plenum Press</subfield><subfield code="c">1968</subfield></datafield><datafield ind1=" " ind2=" " tag="300"><subfield code="a">XXI + 622 P</subfield></datafield><datafield ind1=" " ind2=" " tag="852"><subfield code="a">77271</subfield><subfield code="c">535</subfield></datafield><datafield ind1=" " ind2=" " tag="CAT"><subfield code="a">Sys</subfield><subfield code="c">20101129</subfield><subfield code="h">095356</subfield></datafield></record></collection>